@book{Benaim_ElKaroui,
  title={Promenade al{\'e}atoire: cha{\^\i}nes de Markov et simulations: martingales et strat{\'e}gies},
  author={Bena{\"\i}m, Michel and El Karoui, Nicole},
  year={2005},
  publisher={Editions Ecole Polytechnique}
}

@book{Bertrand,
  title={Initiation {\`a} la Statistique avec R, Dunod, 2010},
  author={Bertrand, F and Maumy-Bertrand, M},
	year={2014},
  publisher={Dunod}
}

