@book{berhuy,
  title={Modules : th{\'e}orie, pratique,... Et un peu d'arithm{\'e}tique !},
  author={Berhuy, Gr{\'e}gory},
  journal={Mathematiques en devenir. Calvage \& Mounet},
  year={2012}
}

@book{demazure,
  title={Cours d'alg{\`e}bre: primalit{\'e}, divisibilit{\'e}, codes},
  author={Demazure, Michel},
  volume={1},
  year={1997},
  publisher={Cassini Paris}
}

@book{gannon,
  title={Moonshine beyond the Monster: The bridge connecting algebra, modular forms and physics},
  author={Gannon, Terry},
  year={2006},
  publisher={Cambridge University Press}
}

@book{hindry,
  title={arithm{\'e}tique},
  author={Hindry, Marc},
  journal={Tableau Noir. Calvage \& Mounet},
  year={2008}
}

@article{serre,
  title={Cours d'arithm{\'e}tique.},
  author={Serre, Jean-Pierre},
  year={1970},
  publisher={Presses universitaires de France}
}
