@book{brezis,
  title={Analyse fonctionnelle: th{\'e}orie et applications},
  author={Brezis, Ha{\"\i}m and Ciarlet, Philippe G and Lions, Jacques Louis},
  volume={91},
  year={1999},
  publisher={Dunod Paris}
}
@book{brezis2010,
  title={Functional analysis, Sobolev spaces and partial differential equations},
  author={Brezis, Haim},
  year={2010},
  publisher={Springer Science \& Business Media}
}

@book{colmez2009elements,
  title={{\'E}l{\'e}ments d'analyse et d'alg{\`e}bre (et de th{\'e}orie des nombres)},
  author={Colmez, Pierre},
  year={2009},
  publisher={Editions Ecole Polytechnique}
}

@book{demailly,
  title={Analyse num{\'e}rique et {\'e}quations diff{\'e}rentielles},
  author={Demailly, Jean-Pierre},
  year={2012},
  publisher={EDP sciences}
}

@article{kahane,
  title={S{\'e}ries de Fourier et ondelettes},
  author={Kahane, Jean-Pierre},
  year={1998},
  publisher={Cassini}
}

@book{kosmann,
  title={Les th{\'e}or{\`e}mes de Noether: invariance et lois de conservation au XXe si{\`e}cle: avec une traduction de l'article original," Invariante Variationsprobleme"},
  author={Kosmann-Schwarzbach, Yvette},
  year={2004},
  publisher={Editions Ecole Polytechnique}
}

@article{mneimnereduction,
  title={R{\'e}duction des endomorphismes},
  author={Mneimn{\'e}, Rached},
  journal={Calvage et Mounet},
  year={2006}
}

@article{rouviere,
  title={Petit guide de calcul diff{\'e}rentiel {\`a} l'usage de la licence et de l'agr{\'e}gation},
  author={Rouvi{\`e}re, Fran{\c{c}}ois},
  year={2009},
  publisher={Cassini}
}

@book{rudinreal,
  title={Real and complex analysis},
  author={Rudin, Walter},
  year={1987},
  publisher={Tata McGraw-Hill Education}
}

@misc{rudinfunctional,
  title={Functional analysis. International series in pure and applied mathematics},
  author={Rudin, Walter},
  year={1991},
  publisher={McGraw-Hill, Inc., New York}
}
